@ARTICLE{englishExample,
  author={A. B. Smith, C. D. Jones, and E. F. Roberts},
  journal={Journal}, 
  title={Article Title,}, 
  year={Date},
  volume={0},
  number={0},
  pages={1-10},
}
@ARTICLE{chineseExample,
  author={著者姓名},
  journal={中文期刊名}, 
  title={中文期刊論文篇名}, 
  year={發行年次},
  volume={卷},
  number={期},
  pages={頁次},
}